@inproceedings{lesar2018real,
  title={Real-time interactive platform-agnostic volumetric path tracing in webGL 2.0},
  author={Lesar, {\v{Z}}iga and Bohak, Ciril and Marolt, Matija},
  booktitle={Proceedings of the 23rd International ACM Conference on 3D Web Technology},
  pages={1--7},
  year={2018}
}


@inproceedings{liu2011quick2insight,
  title={Quick2Insight: A user-friendly framework for interactive rendering of biological image volumes},
  author={Liu, Yanling and Lisle, Curtis and Collins, Jack},
  booktitle={2011 IEEE Symposium on Biological Data Visualization (BioVis).},
  pages={1--8},
  year={2011},
  organization={IEEE}
}

@article{maciejewski2009structuring,
  title={Structuring feature space: A non-parametric method for volumetric transfer function generation},
  author={Maciejewski, Ross and Woo, Insoo and Chen, Wei and Ebert, David},
  journal={IEEE Transactions on Visualization and Computer Graphics},
  volume={15},
  number={6},
  pages={1473--1480},
  year={2009},
  publisher={IEEE}
}

@inproceedings{shen2012visualization,
  title={Visualization using histogram based transfer functions for 3D cardiac volume data set},
  author={Shen, Fangzhou and Wang, Kuanquan and Yuan, Yongfeng and Wang, Lianqing},
  booktitle={2012 IEEE International Conference on Information and Automation},
  pages={977--980},
  year={2012},
  organization={IEEE}
}

@inproceedings{marks1997design,
  title={Design galleries: A general approach to setting parameters for computer graphics and animation},
  author={Marks, Joe and Andalman, Brad and Beardsley, Paul A and Freeman, William and Gibson, Sarah and Hodgins, Jessica and Kang, Thomas and Mirtich, Brian and Pfister, Hanspeter and Ruml, Wheeler and others},
  booktitle={Proceedings of the 24th annual conference on Computer graphics and interactive techniques},
  pages={389--400},
  year={1997}
}

@inproceedings{she2011real,
  title={Real-time rendering of temporal volumetric data on a gpu},
  author={She, Biao and Boulanger, Pierre and Noga, Michelle},
  booktitle={2011 15th International Conference on Information Visualisation},
  pages={622--631},
  year={2011},
  organization={IEEE}
}


@article{Buhmann:1998:DCQ,
	AUTHOR = {J. M. Buhmann and D. W. Fellner and M. Held and J.
		Ketterer and J. Puzicha},
	TITLE = {Dithered Color Quantization},
	JOURNAL = cgforum,
	EDITOR = {N. Ferreira and M. G{\"{o}}bel},
	VOLUME = {17},	NUMBER = {3},
	MONTH = Sep,	YEAR = {1998},	PAGES = {C219-C231},
	DOI = {10.1111/1467-8659.00269},
  NOTE = {(Proc. Eurographics'98)
	       \httpAddr{//diglib.eg.org/EG/CGF/volume17/issue3/ColQuant98}} }

@ARTICLE{Fellner-Helmberg93,
	AUTHOR = {Fellner, Dieter W. and Helmberg, Christoph},
	TITLE = {Robust Rendering of General Ellipses and Elliptical Arcs},
	JOURNAL = tog,
	VOLUME = {12},	NUMBER = {3},
	MONTH = Jul,	YEAR = {1993},	PAGES = {251-276},
  DOI= {10.1145/169711.169704}
  }

@BOOK (FolDamFeiHug.etal93,
	AUTHOR = {Foley, James D. and van Dam, Andries and
		Feiner, Stephen K. and Hughes, John F. and Phillips, R.},
	TITLE = {Introduction to Computer Graphics},
	PUBLISHER = {Addison-Wesley},
	YEAR = {1993} )

@ARTICLE{Kobbelt97-USHDR,
	author = {L. Kobbelt and M. Stamminger and H.-P. Seidel},
	title = {Using Subdivision on Hierarchical Data to Reconstruct Radiosity
		Distribution},
	JOURNAL = cgforum,
	volume = 16,	number = 3,	pages = {C347-C355},
	year = 1997,
	DOI = {10.1111/1467-8659.16.3conferenceissue.36},
	note = {(Proc. Eurographics'97)
	       \httpAddr{//diglib.eg.org/EG/CGF/volume16/issue3/CGF172.html}} }

@INPROCEEDINGS{Lafortune97-NARF,
	author = {Eric P. Lafortune and Sing-Choong Foo and Kenneth E. Torrance and
		Donald P. Greenberg},
	title = {Non-Linear Approximation of Reflectance Functions},
	booktitle = {Proc. SIGGRAPH '97},
	volume = 31,	pages = {117-126},
	year = 1997,
	DOI = {10.1145/258734.258801}
  }

@ARTICLE (Lous90,
	AUTHOR = {Y. Le Lous},
	TITLE = {Report on the {F}irst {E}urographics {W}orkshop on {V}isualization in
		{S}cientific {C}omputing},
	JOURNAL = cgforum,
	VOLUME = {9},	NUMBER = {4},
	MONTH = dec,	YEAR = {1990},	PAGES = {371-372},
  DOI= {10.1111/j.1467-8659.1990.tb00430.x}
  )

@ARTICLE (Seidel93,
	AUTHOR = {Seidel, Hans-Peter},
	TITLE = {Polar Forms for Geometrically Continuous Spline Curves of
		Arbitrary Degree},
	JOURNAL = tog,
	VOLUME = {12},	NUMBER = {1},
	MONTH = Jan,	YEAR = {1993},	PAGES = {1-34},
  DOI= {10.1145/169728.169726}
  )

